@book{budruk2003pci,
  title={PCI Express System Architecture},
  author={Budruk, Ravi and Anderson, Don and Shanley, Tom},
  year={2003},
  publisher={Addison-Wesley Professional},
  address={Boston, MA},
  isbn={0321156307}
}

@book{anderson1999pci,
  title={PCI System Architecture},
  author={Tom Shanley and Don Anderson},
  year={1999},
  publisher={Addison-Wesley Professional},
  edition={4},
  address={Boston, MA},
  isbn={0201309742}
}

@book{shanley2000pcix,
  title={PCI-X System Architecture},
  author={Tom Shanley},
  year={2000},
  publisher={Addison-Wesley Professional},
  address={Boston, MA},
  isbn={0201726823}
}

@techreport{pcisig2003,
  title={PCI Express Base Specification Revision 1.0a},
  author={{PCI Special Interest Group}},
  year={2003},
  institution={PCI Special Interest Group},
  address={Portland, OR},
  type={Technical Specification}
}

@techreport{pcisig2007,
  title={PCI Express Base Specification Revision 2.0},
  author={{PCI Special Interest Group}},
  year={2007},
  institution={PCI Special Interest Group},
  address={Portland, OR},
  type={Technical Specification}
}

@techreport{pcisig2010,
  title={PCI Express Base Specification Revision 3.0},
  author={{PCI Special Interest Group}},
  year={2010},
  institution={PCI Special Interest Group},
  address={Portland, OR},
  type={Technical Specification}
}

@techreport{pcisig2017,
  title={PCI Express Base Specification Revision 4.0},
  author={{PCI Special Interest Group}},
  year={2017},
  institution={PCI Special Interest Group},
  address={Portland, OR},
  type={Technical Specification}
}

@techreport{pcisig2019,
  title={PCI Express Base Specification Revision 5.0},
  author={{PCI Special Interest Group}},
  year={2019},
  institution={PCI Special Interest Group},
  address={Portland, OR},
  type={Technical Specification},
  url={https://pcisig.com/specifications/pciexpress/}
}

@techreport{pcisig2022,
  title={PCI Express Base Specification Revision 6.0},
  author={{PCI Special Interest Group}},
  year={2022},
  institution={PCI Special Interest Group},
  address={Portland, OR},
  type={Technical Specification},
  url={https://pcisig.com/specifications/pciexpress/}
}

@techreport{pcisig2023,
  title={PCI Express Architecture Roadmap Includes PCIe 7.0 Technology at 128 GT/s},
  author={{PCI Special Interest Group}},
  year={2023},
  institution={PCI Special Interest Group},
  address={Portland, OR},
  type={Press Release},
  url={https://pcisig.com/blog/progressing-track-pcie-70-specification-version-07-now-available-member-review}
}

@book{abbott2003pci,
  title={PCI Bus Demystified},
  author={Abbott, Doug},
  year={2003},
  publisher={Elsevier},
  address={Burlington, MA},
  isbn={0750677392}
}

@book{wilen2003understanding,
  title={Introduction to PCI Express: A Hardware and Software Developer's Guide},
  author={Wilen, Adam H. and Schade, Justin P. and Thornburg, Ron},
  year={2003},
  publisher={Intel Press},
  address={Hillsboro, OR},
  isbn={0970284691}
}

@article{johnson2010pcie,
  title={PCI Express Technology: Comprehensive Guide to the PCI Express Architecture},
  author={Mike Johnson and Ravi Budruk},
  publisher={Mindshare Press},
  isbn={0977087867}
}

@book{messmer1995pc,
  title={The Indispensable PC Hardware Book},
  author={Messmer, Hans-Peter},
  publisher={Pearson Education Limited},
  isbn={0201403994}
}

@inproceedings{miller2012pcie,
  title={An Analysis of PCI Express as a High-Performance Computing Interconnect},
  author={Miller, Robert and Li, Qian and Popescu, Diana},
  booktitle={Proceedings of the International Conference on High Performance Computing \& Simulation},
  pages={154--161},
  year={2012},
  organization={IEEE},
  doi={10.1109/HPCSim.2012.6266910}
}

@article{mangla2019pcie,
author = {Mangla, Anubhav and Pub, Research},
year = {2025},
month = {02},
pages = {2132-2145},
title = {THE EVOLUTION OF PCI EXPRESS: FROM GEN1 TO GEN6 AND BEYOND},
volume = {16},
journal = {INTERNATIONAL JOURNAL OF COMPUTER ENGINEERING AND TECHNOLOGY},
doi = {10.34218/IJCET_16_01_153}
}

@Online{solari2005pci,
  title = {PCI Express Design and System Architecture},
  author = {Eward Solari and Brad Congdon},
  year = {2005}
}